@article{Crockford2006-JSON,
  title={The application/json media type for javascript object notation (json)},
  author={Crockford, D.},
  year={2006}
}

@article{Fayn2010-PersonalHealth,
 author = {Fayn, Jocelyne and Rubel, Paul},
 title = {Toward a personal health society in cardiology},
 journal = {Trans. Info. Tech. Biomed.},
 issue_date = {March 2010},
 volume = {14},
 number = {2},
 month = mar,
 year = {2010},
 issn = {1089-7771},
 pages = {401--409},
 numpages = {9},
 url = {http://dx.doi.org/10.1109/TITB.2009.2037616},
 doi = {10.1109/TITB.2009.2037616},
 acmid = {1892508},
 publisher = {IEEE Press},
 address = {Piscataway, NJ, USA},
 keywords = {Ambient intelligence, ambient intelligence, embedded computing, medical information systems, personal health systems (PHSs), pervasive computing, self-care, telemedicine},
} 

@INPROCEEDINGS{Jumaa10-XmlExchange, 
author={Jumaa, H. and Rubel, P. and Fayn, J.}, 
booktitle={e-Health Networking Applications and Services (Healthcom), 2010 12th IEEE International Conference on}, title={An XML-based framework for automating data exchange in healthcare}, 
year={2010}, 
month={july}, 
volume={}, 
number={}, 
pages={264 -269}, 
keywords={SQL query;XML Schema;XML documents;XML technology;XML-based framework;XSLT language;data exchange automation;data storage;database integrity;database model;eHealth;eXtensible Stylesheet Language Transformations;eXtensible markup language;health organizations;healthcare professionals;integrity constraints;legacy health information systems;mediation architecture;patients data;relational databases;rule base;structured query language;SQL;XML;data integrity;data models;electronic data interchange;health care;knowledge based systems;medical information systems;relational databases;storage management;}, 
doi={10.1109/HEALTH.2010.5556559}, 
ISSN={},
}
